<record><leader>00000cas a2200000 a 4500</leader><controlfield tag="001">11590246</controlfield><controlfield tag="008">850117d18721945cauwr ne      0    0eng c</controlfield><datafield ind1=" " ind2=" " tag="010"><subfield code="a">sn 85025135 </subfield></datafield><datafield ind1=" " ind2=" " tag="040"><subfield code="a">NPX</subfield><subfield code="b">eng</subfield><subfield code="c">NPX</subfield><subfield code="d">CNK</subfield><subfield code="d">OCLCQ</subfield><subfield code="d">CNK</subfield><subfield code="d">OCLCO</subfield><subfield code="d">OCLCF</subfield></datafield><datafield ind1="1" ind2=" " tag="029"><subfield code="a">AU@</subfield><subfield code="b">000024691007</subfield></datafield><datafield ind1=" " ind2=" " tag="042"><subfield code="a">pcc</subfield></datafield><datafield ind1="0" ind2=" " tag="130"><subfield code="a">Tuolumne independent (Sonora, Calif. : 1872)</subfield></datafield><datafield ind1="1" ind2="4" tag="245"><subfield code="a">The Tuolumne independent.</subfield></datafield><datafield ind1=" " ind2=" " tag="260"><subfield code="a">Sonora, Tuolumne County [Calif.] :</subfield><subfield code="b">&amp; J.C. &amp; W.A. Duchow</subfield></datafield><datafield ind1=" " ind2=" " tag="300"><subfield code="a">v. ;</subfield><subfield code="c">55 cm.</subfield></datafield><datafield ind1=" " ind2=" " tag="310"><subfield code="a">Weekly</subfield></datafield><datafield ind1=" " ind2=" " tag="321"><subfield code="a">Weekly,</subfield><subfield code="b">1872-1908</subfield></datafield><datafield ind1=" " ind2=" " tag="321"><subfield code="a">Triweekly,</subfield><subfield code="b">1909-1912</subfield></datafield><datafield ind1="0" ind2=" " tag="362"><subfield code="a">Vol. 1, no. 1 (Apr. 6, 1872)-v. 74, no. 8 (May 25, 1945).</subfield></datafield><datafield ind1=" " ind2=" " tag="515"><subfield code="a">No vol. numbering with &lt;Mar. 5, 1925&gt; issue; numbering resumes with v. 74, no. 5 (May 4, 1945).</subfield></datafield><datafield ind1=" " ind2=" " tag="530"><subfield code="a">Master negatives are available for duplication from:</subfield><subfield code="b">California Newspaper Microfilm Archive;</subfield><subfield code="c">for further information consult the CNMA at:</subfield><subfield code="u">http://cbsr.ucr.edu.</subfield></datafield><datafield ind1=" " ind2="0" tag="651"><subfield code="a">Tuolumne County (Calif.)</subfield><subfield code="v">Newspapers.</subfield></datafield><datafield ind1=" " ind2="7" tag="655"><subfield code="a">Newspapers.</subfield><subfield code="2">fast</subfield><subfield code="0">(OCoLC)fst01423814</subfield></datafield><datafield ind1=" " ind2="7" tag="651"><subfield code="a">California</subfield><subfield code="z">Tuolumne County.</subfield><subfield code="2">fast</subfield><subfield code="0">(OCoLC)fst01215840</subfield></datafield><datafield ind1=" " ind2=" " tag="752"><subfield code="a">United States</subfield><subfield code="b">California</subfield><subfield code="c">Tuolumne</subfield><subfield code="d">Sonora.</subfield></datafield><datafield ind1="0" ind2="0" tag="785"><subfield code="t">Independent (Sonora, Calif.)</subfield><subfield code="w">(DLC)sn 93052029</subfield></datafield></record>